% This file was created with JabRef 2.5.

@misc{ann,
	author = {B. Mehlig},
	school = {University of Gothenburg},
	title  = {Artificial Neural Networks},
	year = {2019}
}

@article{neurons,
	author = {Suzana Herculano-Houzel},
	title = {The human brain in numbers: a linearly scaled-up primate brain},
	journal = {Frontiers in Human Neuroscience},
	year = {2009}
}

@misc{backpropagation,
	author = {Yves Chauvin and David E. Rumelhart},
	title = {Backpropagation: Theory, Architetures, and Applications},
	year = {1995}
}

@article{overviewGD,
  author    = {Sebastian Ruder},
  title     = {An overview of gradient descent optimization algorithms},
  journal   = {CoRR},
  volume    = {abs/1609.04747},
  year      = {2016},
  url       = {http://arxiv.org/abs/1609.04747},
  archivePrefix = {arXiv},
  eprint    = {1609.04747},
  timestamp = {Mon, 13 Aug 2018 16:48:10 +0200},
  biburl    = {https://dblp.org/rec/bib/journals/corr/Ruder16},
  bibsource = {dblp computer science bibliography, https://dblp.org}
}

@misc{flexHighCNN,
	author = {Dan C. Cires¸an and Ueli Meier and Jonathan Masci and Luca M. Gambardella and Jurgen Schmidhuber},
	title = {Flexible, High Performance Convolutional Neural Networks for Image Classification},
	year = {2011}
}

@misc{imgNet,
	author = {Alex Krizhevsky and Ilya Sutskever and Geoffrey E. Hinton},
	title = {ImageNet Classification with Deep Convolutional Neural Networks},
	year = {2012},
	institution = {University of Toronto}
}

@misc{DomainAdaptation,
  author = {Mei Wang and Weihong Deng},
  title = {Deep Visual Domain Adaptation: A Survey},
  year = {2018},
  timestamp = {2018.05.25}  
}

@inproceedings{domainMixture,
author = {Schrom, Sebastian and Hasler, Stephan},
year = {2019},
month = {12},
pages = {},
title = {Domain Mixture: An Overlooked Scenario in Domain Adaptation},
doi = {10.1109/ICMLA.2019.00013}
}

@misc{McandPitts,
  author = {Warren S. McCulloch and Walter H. Pitts},
  title = {A Logical Calculus of the Ideas Immanent in Nervous Activity},
  year = {1943}, 
}

@Misc{fig:perceptron,
	Title = {Perceptrons and Multi-Layer Perceptrons: The Artificial Neuron at the Core of Deep Learning},
 	url = {https://missinglink.ai/guides/neural-network-concepts/perceptrons-and-multi-layer-perceptrons-the-artificial-neuron-at-the-core-of-deep-learning/},
	author = {missinglink.ai}
}

@Misc{fig:conv,
	Title = {2D Convolution block},
 	url = {https://peltarion.com/knowledge-center/documentation/modeling-view/build-an-ai-model/blocks/2d-convolution-block},
	author = {peltarion.com}
}

@Misc{convImgStyle,
	Title = {Image Style Transfer Using Convolutional Neural Networks},
	author = {Leon A. Gatys and Alexander S. Ecker and Matthias Bethge},
	year = {2015}
}

@Misc{ILSVRC2012,
	Title = {ImageNet Large Scale Visual Recognition Challenge},
	author = {Olga Russakovsky and Jia Deng and Hao Su and Jonathan Krause and
Sanjeev Satheesh and Sean Ma and Zhiheng Huang and Andrej Karpathy and
Aditya Khosla and Michael Bernstein and Alexander C. Berg and Li Fei-Fei},
	year = {2015}
}

@Misc{fig:GD,
	Title = {Implementing parallelism using different architectures},
 	url = {https://shashank-ojha.github.io/ParallelGradientDescent/},
	author = {Shashank Ojha and Kylee Santos}
}

@Misc{fig:cnn,
	Title = {MNIST Handwritten Digits Classification using a Convolutional Neural Network (CNN)},
 	url = {https://towardsdatascience.com/mnist-handwritten-digits-classification-using-a-convolutional\\-neural-network-cnn-af5fafbc35e9},
	author = {Krut Patel}
}

@inproceedings{adam,
  author    = {Diederik P. Kingma and
               Jimmy Ba},
  editor    = {Yoshua Bengio and
               Yann LeCun},
  title     = {Adam: {A} Method for Stochastic Optimization},
  booktitle = {3rd International Conference on Learning Representations, {ICLR} 2015,
               San Diego, CA, USA, May 7-9, 2015, Conference Track Proceedings},
  year      = {2015},
  url       = {http://arxiv.org/abs/1412.6980},
  timestamp = {Thu, 25 Jul 2019 14:25:37 +0200},
  biburl    = {https://dblp.org/rec/bib/journals/corr/KingmaB14},
  bibsource = {dblp computer science bibliography, https://dblp.org}
}

@article{shiftDataset,
  author    = {Wouter M. Kouw},
  title     = {An introduction to domain adaptation and transfer learning},
  journal   = {CoRR},
  volume    = {abs/1812.11806},
  year      = {2018},
  url       = {http://arxiv.org/abs/1812.11806},
  archivePrefix = {arXiv},
  eprint    = {1812.11806},
  timestamp = {Wed, 02 Jan 2019 14:40:18 +0100},
  biburl    = {https://dblp.org/rec/bib/journals/corr/abs-1812-11806},
  bibsource = {dblp computer science bibliography, https://dblp.org}
}

@book{shiftinML,
author = {Joaquin QuiÑonero-Candela and Masashi Sugiyama and Anton Schwaighoffer and Neil D. Lawrence},
title = {Dataset Shift in Machine Learning}, 
publisher = {The MIT Press},
year = {2009}}

@Misc{shiftImgVid,
	Title = {Analysing Domain Shift Factors between Videos and Images for Object Detection},
	author = {Vicky Kalogeiton and Vittorio Ferrari and Cordelia Schmid},
	year = {2016}
}

@Misc{autoencoderSparse,
	Title = {Sparse Autoencoder},
	author = {Andrew Ng},
	note = {CS294A Lecture notes: Deep Learning and Unsupervised Feature Learning},
	school = {Stanford University}
}

@article{perceptron,
	Title = {The Perceptron: A Probabilistic Model for Information Storage and Organization in the Brain},
	author = {Frank Rosenblatt},
	journal = {Psychological Review},
	year = {1958}
}

@conference{cnnpooling,
	Title = {Evaluation of Pooling Operations in Convolutional Architectures for Object Recognition},
	author = {Dominik Scherer and Andreas M\"uller and Sven Behnke},
	conference = {20th International Conference on Artificial Neural Networks (ICANN)},
	year = {2010}
}

@article{autoencoderVisualize,
	Title = {Supporting Online Material for Reducing the Dimensionality of Data with Neural Networks},
	author = {G. E. Hinton and R. R. Salakhutdinov},
	journal = {Science},
	year = {2006}
}

@Misc{autoencoderDeep,
	Title = {Autoencoders, Unsupervised Learning, and Deep Architectures},
	author = {Pierre Baldi},
	year = {2012}
}

@article{autoencoderFace,
	Title = {Reducing the Dimensionality of Data with Neural Networks},
	author = {G. E. Hinton and R. R. Salakhutdinov},
	journal = {Science},
	year = {2006}
}

@incollection{DArepres,
title = {Analysis of Representations for Domain Adaptation},
author = {Ben-David, Shai and John Blitzer and Crammer, Koby and Fernando Pereira},
booktitle = {Advances in Neural Information Processing Systems 19},
editor = {B. Sch\"{o}lkopf and J. C. Platt and T. Hoffman},
pages = {137--144},
year = {2007},
publisher = {MIT Press},
url = {http://papers.nips.cc/paper/2983-analysis-of-representations-for-domain-adaptation.pdf}
}

@inproceedings{autoencoderNoise,
  author    = {Minmin Chen and
               Zhixiang Eddie Xu and
               Kilian Q. Weinberger and
               Fei Sha},
  title     = {Marginalized Denoising Autoencoders for Domain Adaptation},
  booktitle = {Proceedings of the 29th International Conference on Machine Learning,
               {ICML} 2012, Edinburgh, Scotland, UK, June 26 - July 1, 2012},
  publisher = {icml.cc / Omnipress},
  year      = {2012},
  url       = {http://icml.cc/2012/papers/416.pdf},
  timestamp = {Wed, 03 Apr 2019 17:43:37 +0200},
  biburl    = {https://dblp.org/rec/bib/conf/icml/ChenXWS12},
  bibsource = {dblp computer science bibliography, https://dblp.org}
}

@article{backprop1986,
	Title = {Learning representations by back-propagating errors},
	author = {David E. Rumelhart and Geoffrey E. Hinton and Ronald J. Williams },
	journal = {nature},
	year = {1986}
}

@article{overfitearlystop,
  author    = {Lutz Prechelt},
  title     = {Automatic early stopping using cross validation: quantifying the criteria},
  journal   = {Neural Networks},
  volume    = {11},
  number    = {4},
  pages     = {761--767},
  year      = {1998},
  url       = {https://doi.org/10.1016/S0893-6080(98)00010-0},
  doi       = {10.1016/S0893-6080(98)00010-0},
  timestamp = {Thu, 28 Nov 2019 10:42:51 +0100},
  biburl    = {https://dblp.org/rec/bib/journals/nn/Prechelt98},
  bibsource = {dblp computer science bibliography, https://dblp.org}
}

@inproceedings{overfitweightdecay,
  author    = {Anders Krogh and
               John A. Hertz},
  editor    = {John E. Moody and
               Stephen Jose Hanson and
               Richard Lippmann},
  title     = {A Simple Weight Decay Can Improve Generalization},
  booktitle = {Advances in Neural Information Processing Systems 4, {[NIPS} Conference,
               Denver, Colorado, USA, December 2-5, 1991]},
  pages     = {950--957},
  publisher = {Morgan Kaufmann},
  year      = {1991},
  url       = {http://papers.nips.cc/paper/563-a-simple-weight-decay-can-improve-generalization},
  timestamp = {Thu, 11 Dec 2014 17:34:08 +0100},
  biburl    = {https://dblp.org/rec/bib/conf/nips/KroghH91},
  bibsource = {dblp computer science bibliography, https://dblp.org}
}

@article{underoverfitting,
  title = {Methods to Avoid Over-fitting and Under-fitting in Supervised Machine Learning (Comparative Study)},
  author = {Haider Khalaf Jabbar and Dr. Rafiqul Zaman Khan},
  year = {2014},
  institution = {Aligarh Muslim University}  
}

@article{DANetwork,
  author    = {Muhammad Ghifary and
               W. Bastiaan Kleijn and
               Mengjie Zhang},
  title     = {Domain Adaptive Neural Networks for Object Recognition},
  journal   = {CoRR},
  volume    = {abs/1409.6041},
  year      = {2014},
  url       = {http://arxiv.org/abs/1409.6041},
  archivePrefix = {arXiv},
  eprint    = {1409.6041},
  timestamp = {Mon, 13 Aug 2018 16:47:35 +0200},
  biburl    = {https://dblp.org/rec/bib/journals/corr/GhifaryKZ14},
  bibsource = {dblp computer science bibliography, https://dblp.org}
}

@article{deepDASurvey,
  author    = {Mei Wang and
               Weihong Deng},
  title     = {Deep visual domain adaptation: {A} survey},
  journal   = {Neurocomputing},
  volume    = {312},
  pages     = {135--153},
  year      = {2018},
  url       = {https://doi.org/10.1016/j.neucom.2018.05.083},
  doi       = {10.1016/j.neucom.2018.05.083},
  timestamp = {Sat, 11 Aug 2018 00:57:24 +0200},
  biburl    = {https://dblp.org/rec/bib/journals/ijon/WangD18},
  bibsource = {dblp computer science bibliography, https://dblp.org}
}

@Misc{DAsurvey,
	Title = {A Literature Survey on Domain Adaptation of Statistical Classifiers},
	author = {Jing Jiang},
	year = {2008}
}

@article{DAGanin,
  author    = {Yaroslav Ganin and
               Victor S. Lempitsky},
  title     = {Unsupervised Domain Adaptation by Backpropagation},
  journal   = {CoRR},
  volume    = {abs/1409.7495},
  year      = {2014},
  url       = {http://arxiv.org/abs/1409.7495},
  archivePrefix = {arXiv},
  eprint    = {1409.7495},
  timestamp = {Mon, 13 Aug 2018 16:48:54 +0200},
  biburl    = {https://dblp.org/rec/bib/journals/corr/GaninL14a},
  bibsource = {dblp computer science bibliography, https://dblp.org}
}

@article{DSN,
  author    = {Konstantinos Bousmalis and
               George Trigeorgis and
               Nathan Silberman and
               Dilip Krishnan and
               Dumitru Erhan},
  title     = {Domain Separation Networks},
  journal   = {CoRR},
  volume    = {abs/1608.06019},
  year      = {2016},
  url       = {http://arxiv.org/abs/1608.06019},
  archivePrefix = {arXiv},
  eprint    = {1608.06019},
  timestamp = {Mon, 13 Aug 2018 16:49:13 +0200},
  biburl    = {https://dblp.org/rec/bib/journals/corr/BousmalisTSKE16},
  bibsource = {dblp computer science bibliography, https://dblp.org}
}

@article{mmdOrig,
	Title = {A Kernel Method for the Two-Sample Problem},
	author = {Arthur Gretton and Karsten M. Borgwardt and Malte J. Rasch and Bernhard Sch\"{o}lkopf and Alexander Smola},
	journal = {Journal of Machine Learning Research},
	year = {2008}
}

@article{mmdbio,
	Title = {Integrating structured biological data by Kernel Maximum Mean Discrepancy},
	author = {Arthur Gretton and Karsten M. Borgwardt and Malte J. Rasch and Bernhard Sch\"{o}lkopf and Alexander Smola and Hans-Peter Kriegel},
	journal = {Bioinformatiocs},
	year = {2006}
}

@inproceedings{dsnspeech,
  author    = {Zhong Meng and
               Zhuo Chen and
               Vadim Mazalov and
               Jinyu Li and
               Yifan Gong},
  title     = {Unsupervised adaptation with domain separation networks for robust
               speech recognition},
  booktitle = {2017 {IEEE} Automatic Speech Recognition and Understanding Workshop,
               {ASRU} 2017, Okinawa, Japan, December 16-20, 2017},
  pages     = {214--221},
  publisher = {{IEEE}},
  year      = {2017},
  url       = {https://doi.org/10.1109/ASRU.2017.8268938},
  doi       = {10.1109/ASRU.2017.8268938},
  timestamp = {Wed, 16 Oct 2019 14:14:51 +0200},
  biburl    = {https://dblp.org/rec/bib/conf/asru/MengCMLG17},
  bibsource = {dblp computer science bibliography, https://dblp.org}
}

@inproceedings{reluICML,
author = {Nair, Vinod and Hinton, Geoffrey},
year = {2010},
month = {06},
pages = {807-814},
title = {Rectified Linear Units Improve Restricted Boltzmann Machines Vinod Nair},
volume = {27},
journal = {Proceedings of ICML}
}

@article{autoencoderDenoise,
author = {Chen, Minmin and Xu, Zhixiang and Weinberger, Kilian and Sha, Fei},
year = {2012},
month = {06},
pages = {},
title = {Marginalized Denoising Autoencoders for Domain Adaptation},
volume = {1},
journal = {Proceedings of the 29th International Conference on Machine Learning, ICML 2012}
}

@misc{dataShifts,
author = {Kouw, Wouter and Loog, Marco},
year = {2018},
month = {12},
pages = {},
title = {An introduction to domain adaptation and transfer learning},
doi = {10.13140/RG.2.2.33906.56004}
}

@Misc{fig:pooling,
	Title = {The Ultimate NanoBook to understand Deep Learning based Image Classifier},
 	url = {https://towardsdatascience.com/https-medium-com-rishabh-grg-the-ultimate-nanobook-\\to-understand-deep-learning-based-image-classifier-33f43fea8327},
	author = {Rishabh garg}
}

@Misc{overfitweightelim,
	Title = {Generalization by Weight-Elimination with Application to Forecasting},
	author = {Andreas S. Weigend and David E. Rumelhart and Bernardo A. Huberman},
	year = {1990}
}

@article{fig:momentumGD,
author = {Du, Juan},
year = {2019},
month = {05},
pages = {012046},
title = {The Frontier of SGD and Its Variants in Machine Learning},
volume = {1229},
journal = {Journal of Physics: Conference Series},
doi = {10.1088/1742-6596/1229/1/012046}
}


@ARTICLE{mnist,
author={Y. {Lecun} and L. {Bottou} and Y. {Bengio} and P. {Haffner}},
journal={Proceedings of the IEEE},
title={Gradient-based learning applied to document recognition},
year={1998},
volume={86},
number={11},
pages={2278-2324},
keywords={optical character recognition;multilayer perceptrons;backpropagation;convolution;gradient-based learning;document recognition;multilayer neural networks;back-propagation;gradient based learning technique;complex decision surface synthesis;high-dimensional patterns;handwritten character recognition;handwritten digit recognition task;2D shape variability;document recognition systems;field extraction;segmentation recognition;language modeling;graph transformer networks;GTN;multimodule systems;performance measure minimization;cheque reading;convolutional neural network character recognizers;Neural networks;Pattern recognition;Machine learning;Optical character recognition software;Character recognition;Feature extraction;Multi-layer neural network;Optical computing;Hidden Markov models;Principal component analysis},
doi={10.1109/5.726791},
ISSN={1558-2256},
month={Nov},}


@article{mnist-m,
  author  = {Nihar B. Shah and Sivaraman Balakrishnan and Joseph Bradley and Abhay Parekh and Kannan Ramch and ran and Martin J. Wainwright},
  title   = {Estimation from Pairwise Comparisons: Sharp Minimax Bounds with Topology Dependence},
  journal = {Journal of Machine Learning Research},
  year    = {2016},
  volume  = {17},
  number  = {58},
  pages   = {1-47},
  url     = {http://jmlr.org/papers/v17/15-189.html}
}

@article{svhn,
author = {Netzer, Yuval and Wang, Tao and Coates, Adam and Bissacco, Alessandro and Wu, Bo and Ng, Andrew},
year = {2011},
month = {01},
pages = {},
title = {Reading Digits in Natural Images with Unsupervised Feature Learning},
journal = {NIPS}
}

@article{gtsrb,
author = {Stallkamp, Johannes and Schlipsing, Marc and Salmen, Jan and Igel, Christian},
year = {2012},
month = {02},
pages = {323-32},
title = {Man vs. computer: Benchmarking machine learning algorithms for traffic sign recognition},
volume = {32},
journal = {Neural networks : the official journal of the International Neural Network Society},
doi = {10.1016/j.neunet.2012.02.016}
}

@article{linemod,
author = {Wohlhart, Paul and Lepetit, Vincent},
year = {2015},
month = {02},
title = {Learning Descriptors for Object Recognition and 3D Pose Estimation},
journal = {Proceedings IEEE Conference on Computer Vision and Pattern Recognition (CVPR)}
}

@Article{bsds500,
 author = {Arbelaez, Pablo and Maire, Michael and Fowlkes, Charless and Malik, Jitendra},
 title = {Contour Detection and Hierarchical Image Segmentation},
 journal = {IEEE Trans. Pattern Anal. Mach. Intell.},
 issue_date = {May 2011},
 volume = {33},
 number = {5},
 month = may,
 year = {2011},
 issn = {0162-8828},
 pages = {898--916},
 numpages = {19},
 url = {http://dx.doi.org/10.1109/TPAMI.2010.161},
 doi = {10.1109/TPAMI.2010.161},
 acmid = {1963088},
 publisher = {IEEE Computer Society},
 address = {Washington, DC, USA},
 keywords = {Contour detection, image segmentation, computer vision.}
} 

@inproceedings{convex,
  title={Convexity in Image-Based 3D Surface Reconstruction},
  author={Kalin Kolev},
  year={2012}
}

@inproceedings{NAG,
  title={A method for unconstrained convex minimization problem with the rate of convergence},
  author={Yurii Nesterov},
  year={1983}
}

@article{momentum,
  title={On the momentum term in gradient descent learning algorithms},
  author={Ning Qian},
  journal={Neural networks : the official journal of the International Neural Network Society},
  year={1999},
  volume={12 1},
  pages={145-151}
}

@Misc{fig:overunderfitting,
	Title = {What is underfitting and overfitting in machine learning and how to deal with it},
 	url = {https://medium.com/greyatom/what-is-underfitting-and-overfitting-in-machine-learning-and-how-to-deal-with-it-6803a989c76},
	author = {Anup Bhande}
}

@INPROCEEDINGS{convVision,
author={Y. {LeCun} and K. {Kavukcuoglu} and C. {Farabet}},
booktitle={Proceedings of 2010 IEEE International Symposium on Circuits and Systems},
title={Convolutional networks and applications in vision},
year={2010},
volume={},
number={},
pages={253-256},
keywords={mobile robots;object recognition;robot vision;unsupervised learning;convolutional networks;intelligent tasks;internal representations;machine learning;biologically-inspired architecture;ConvNets;filter bank;feature pooling layers;multilevel hierarchies;labeled training samples;unsupervised learning;visual object recognition;vision navigation;off-road mobile robots;Learning systems;Visual perception;Machine learning;Filter bank;Optical character recognition software;Video surveillance;Unsupervised learning;Object recognition;Navigation;Mobile robots},
doi={10.1109/ISCAS.2010.5537907},
ISSN={2158-1525},
month={May},
}

@ARTICLE{convArith,
       author = {{Dumoulin}, Vincent and {Visin}, Francesco},
        title = "{A guide to convolution arithmetic for deep learning}",
      journal = {arXiv e-prints},
     keywords = {Statistics - Machine Learning, Computer Science - Machine Learning, Computer Science - Neural and Evolutionary Computing},
         year = "2016",
        month = "Mar",
          eid = {arXiv:1603.07285},
        pages = {arXiv:1603.07285},
archivePrefix = {arXiv},
       eprint = {1603.07285},
 primaryClass = {stat.ML},
       adsurl = {https://ui.adsabs.harvard.edu/abs/2016arXiv160307285D},
      adsnote = {Provided by the SAO/NASA Astrophysics Data System}
}

@Misc{fig:autoencoders,
	Title = {Deep Autoencoders},
 	url = {https://pathmind.com/wiki/deep-autoencoder},
	author = {Chris Nicholson},
	institution = {Pathmind}
}

@article{PCA,
title = "Principal component analysis",
journal = "Chemometrics and Intelligent Laboratory Systems",
volume = "2",
number = "1",
pages = "37 - 52",
year = "1987",
note = "Proceedings of the Multivariate Statistical Workshop for Geologists and Geochemists",
issn = "0169-7439",
doi = "https://doi.org/10.1016/0169-7439(87)80084-9",
url = "http://www.sciencedirect.com/science/article/pii/0169743987800849",
author = "Svante Wold and Kim Esbensen and Paul Geladi"
}

@article{dannGanin,
  title={Domain-Adversarial Training of Neural Networks},
  author={Yaroslav Ganin and Evgeniya Ustinova and Hana Ajakan and Pascal Germain and Hugo Larochelle and François Laviolette and Mario Marchand and Victor S. Lempitsky},
  journal={J. Mach. Learn. Res.},
  year={2015},
  volume={17},
  pages={59:1-59:35}
}

@incollection{H-Kifer,
title = " - Detecting Change in Data Streams",
editor = "Mario A. Nascimento and M. Tamer Özsu and Donald Kossmann and Renée J. Miller and José A. Blakeley and Berni Schiefer",
booktitle = "Proceedings 2004 VLDB Conference",
publisher = "Morgan Kaufmann",
address = "St Louis",
pages = "180 - 191",
year = "2004",
isbn = "978-0-12-088469-8",
doi = "https://doi.org/10.1016/B978-012088469-8.50019-X",
url = "http://www.sciencedirect.com/science/article/pii/B978012088469850019X",
author = "Daniel Kifer and Shai Ben-David and Johannes Gehrke"
}

@inproceedings{multiDAclassi,
author = {Duan, Lixin and Tsang, Ivor W. and Xu, Dong and Chua, Tat-Seng},
title = {Domain Adaptation from Multiple Sources via Auxiliary Classifiers},
year = {2009},
isbn = {9781605585161},
publisher = {Association for Computing Machinery},
address = {New York, NY, USA},
url = {https://doi.org/10.1145/1553374.1553411},
doi = {10.1145/1553374.1553411},
booktitle = {Proceedings of the 26th Annual International Conference on Machine Learning},
pages = {289–296},
numpages = {8},
location = {Montreal, Quebec, Canada},
series = {ICML ’09}
}
  
@article{multisourceDAsurvey,
title = "A survey of multi-source domain adaptation",
journal = "Information Fusion",
volume = "24",
pages = "84 - 92",
year = "2015",
issn = "1566-2535",
doi = "https://doi.org/10.1016/j.inffus.2014.12.003",
url = "http://www.sciencedirect.com/science/article/pii/S1566253514001316",
author = "Shiliang Sun and Honglei Shi and Yuanbin Wu"
}

@InProceedings{multiDAcluster,
author="Hoffman, Judy
and Kulis, Brian
and Darrell, Trevor
and Saenko, Kate",
editor="Fitzgibbon, Andrew
and Lazebnik, Svetlana
and Perona, Pietro
and Sato, Yoichi
and Schmid, Cordelia",
title="Discovering Latent Domains for Multisource Domain Adaptation",
booktitle="Computer Vision -- ECCV 2012",
year="2012",
publisher="Springer Berlin Heidelberg",
address="Berlin, Heidelberg",
pages="702--715"
}

@INPROCEEDINGS{multiDAcrosstrans,
author={B. {Kulis} and K. {Saenko} and T. {Darrell}},
booktitle={CVPR 2011},
title={What you saw is not what you get: Domain adaptation using asymmetric kernel transforms},
year={2011},
volume={},
number={},
pages={1785-1792},
keywords={image recognition;learning (artificial intelligence);object recognition;asymmetric kernel transform;real-world application;visual domain adaptation;object model transfer;supervised learning;nonlinear transformation;kernel space;symmetric transformation;object recognition model;imaging condition;Kernel;Adaptation models;Training;Visualization;Measurement;Support vector machines;Transforms},
doi={10.1109/CVPR.2011.5995702},
ISSN={1063-6919},
month={June}
}

@ARTICLE{multisourceDA,
author={Z. {Ding} and M. {Shao} and Y. {Fu}},
journal={IEEE Transactions on Neural Networks and Learning Systems},
title={Incomplete Multisource Transfer Learning},
year={2018},
volume={29},
number={2},
pages={310-323},
keywords={data handling;learning (artificial intelligence);standard cross-domain benchmarks;incomplete multisource transfer learning;directional knowledge transfer;cross-domain transfer;cross-source transfer;latent low-rank transfer learning;iterative structure learning;unsupervised manifold regularizer;multisource alignment;Knowledge transfer;Computers;Algorithm design and analysis;Learning systems;Keyboards;Mice;Training;Cross domain/source;incomplete multisource;transfer learning},
doi={10.1109/TNNLS.2016.2618765},
ISSN={2162-2388},
month={Feb}}

@ARTICLE{subspaces,
author={G. {Liu} and Z. {Lin} and S. {Yan} and J. {Sun} and Y. {Yu} and Y. {Ma}},
journal={IEEE Transactions on Pattern Analysis and Machine Intelligence},
title={Robust Recovery of Subspace Structures by Low-Rank Representation},
year={2013},
volume={35},
number={1},
pages={171-184},
keywords={convex programming;pattern clustering;sparse matrices;robust subspace structure recovery;low-rank representation;subspace clustering problem;data sample vectors;outlier removal;objective function;LRR;dictionary;convex program;row space;sparse error correction;subspace membership;Robustness;Noise;Dictionaries;Optimization;Polynomials;Data models;Vectors;Low-rank representation;subspace clustering;segmentation;outlier detection;Algorithms;Artificial Intelligence;Computer Simulation;Models, Theoretical;Pattern Recognition, Automated;Signal Processing, Computer-Assisted},
doi={10.1109/TPAMI.2012.88},
ISSN={1939-3539},
month={Jan}
}

@Misc{dsnGithub,
	Title = {Original Implementation of domain adversarial neural networks},
 	url = {https://github.com/tensorflow/models}
}
@comment{jabref-meta: selector_publisher:}

@comment{jabref-meta: selector_author:}

@comment{jabref-meta: selector_journal:}

@comment{jabref-meta: selector_keywords:}

